00584cas a22002291a 4500
001 9917737333502836
003 Nz
005 20161223172959.0
008 031218m1859uuuunz  r ne      000 0 eng d
035    $a (Nz)8131336
035    $a (OCoLC)173420542
035    $a (NLNZils)1773733-ilsdb
040    $a WN $c WN
042    $a nznb
043    $a u-nz---
245 00 $a Auckland telegraph.
260    $a Auckland [N.Z.]
310    $a Semiweekly
362 0  $a 1859 Oct.14?-?
500    $a 1859 Oct.18 = vol.1 no.2.
651  0 $a Auckland (N.Z.) $v Newspapers.
655  7 $a New Zealand newspapers. $2 local $5 Nz
